@inproceedings{kocher99,
  author          = {C. Kocher and J. Jaffe and B. Jun},
  title           = {Differential Power Analysis},
  editor          = {M. Wiener},
  booktitle       = {Advances in Cryptology ({CRYPTO}~'99)},
  series          = {Lecture Notes in Computer Science},
  volume          = 1666,
  pages           = {388-397},
  publisher       = {Springer-Verlag},
  address         = {Germany},
  month           = {August},
  year            = 1999
}

@incollection{Krasnogor2004e,
  author          = {N. Krasnogor},
  title           = {Towards robust memetic algorithms},
  booktitle       = {Recent Advances in Memetic Algorithms},
  publisher       = {Springer Berlin Heidelberg},
  year            = 2004,
  pages           = {185-207},
  editor          = {W.E. Hart and N. Krasnogor and J.E. Smith},
  volume          = 166,
  series          = {Studies in Fuzziness and Soft Computing},
  address         = {New York},
}

@incollection{zjsw,
  author          = {班固},
  title           = {苏武传},
  booktitle       = {传记散文英华},
  publisher       = {湖北人民出版社},
  year            = 1998,
  pages           = {65-69},
  editor          = {郑在瀛 and 汪超宏 and 周文复},
  volume          = 2,
  series          = {新古文观止丛书},
  address         = {武汉},
}

@inbook{clzs,
  author          = {阎真},
  title           = {沧浪之水},
  chapter         = {大人物还是讲人情的},
  pages           = {185-207},
  publisher       = {人民文学出版社},
  address         = {北京},
  year            = 2001,
}